@ARTICLE{soker2000,
   author = {{Soker}, N.},
    title = "{A Solar-like Cycle in Asymptotic Giant Branch Stars}",
  journal = {\apj},
   eprint = {astro-ph/0001281},
 keywords = {Stars: Circumstellar Matter, ISM: Planetary Nebulae: General, Stars: AGB and Post-AGB, Stars: Magnetic Fields, Stars: Mass Loss},
     year = 2000,
    month = sep,
   volume = 540,
    pages = {436-441},
      doi = {10.1086/309326},
   adsurl = {http://adsabs.harvard.edu/abs/2000ApJ...540..436S},
  adsnote = {Provided by the SAO/NASA Astrophysics Data System}
}

%-------------
@ARTICLE{schleicher2017,
	   author = {{Schleicher}, D.~R.~G. and {Mennickent}, R.~E.},
	       title = "{A dynamo mechanism as the potential origin of the long cycle in double periodic variables}",
	         journal = {\aap},
		 archivePrefix = "arXiv",
		    eprint = {1703.03876},
		     primaryClass = "astro-ph.SR",
		      keywords = {binaries close, stars: variables: general, stars: activity, dynamo},
		           year = 2017,
			       month = jun,
			          volume = 602,
				        eid = {A109},
					    pages = {A109},
					          doi = {10.1051/0004-6361/201628900},
						     adsurl = {http://adsabs.harvard.edu/abs/2017A%26A...602A.109S},
						       adsnote = {Provided by the SAO/NASA Astrophysics Data System}
}

%----------------------------------------------------------------------------------------------------------------------

@ARTICLE{vanrensbergen2008,
   author = {{van Rensbergen}, W. and {De Greve}, J.~P. and {De Loore}, C. and 
	{Mennekens}, N.},
    title = "{Spin-up and hot spots can drive mass out of a binary}",
  journal = {\aap},
archivePrefix = "arXiv",
   eprint = {0804.1215},
 keywords = {stars: binaries: eclipsing, stars: evolution, stars: mass-loss, stars: statistics},
     year = 2008,
    month = sep,
   volume = 487,
    pages = {1129-1138},
      doi = {10.1051/0004-6361:200809943},
   adsurl = {http://adsabs.harvard.edu/abs/2008A%26A...487.1129V},
  adsnote = {Provided by the SAO/NASA Astrophysics Data System}
}


%-----------------------------------------------

@ARTICLE{vanrensbergen2011,
   author = {{van Rensbergen}, W. and {de Greve}, J.~P. and {Mennekens}, N. and 
	{Jansen}, K. and {de Loore}, C.},
    title = "{Mass loss out of close binaries. The formation of Algol-type systems, completed with case B RLOF}",
  journal = {\aap},
archivePrefix = "arXiv",
   eprint = {1008.2620},
 primaryClass = "astro-ph.SR",
 keywords = {binaries: eclipsing, stars: evolution, stars: mass-loss, stars: statistics},
     year = 2011,
    month = apr,
   volume = 528,
      eid = {A16},
    pages = {A16},
      doi = {10.1051/0004-6361/201015596},
   adsurl = {http://adsabs.harvard.edu/abs/2011A%26A...528A..16V},
  adsnote = {Provided by the SAO/NASA Astrophysics Data System}
}


%----------------------------------------------------------------------------------------------

@ARTICLE{andersen1991,
   author = {{Andersen}, J.},
    title = "{Accurate masses and radii of normal stars}",
  journal = {\aapr},
 keywords = {Eclipsing Binary Stars, Stellar Mass, Stellar Spectrophotometry, Stellar Structure, Abundance, Stellar Evolution, Stellar Models, Stellar Physics},
     year = 1991,
   volume = 3,
    pages = {91-126},
      doi = {10.1007/BF00873538},
   adsurl = {http://adsabs.harvard.edu/abs/1991A%26ARv...3...91A},
  adsnote = {Provided by the SAO/NASA Astrophysics Data System}
}

%------------------------------------------------------------------------------------------------

@ARTICLE{sana2012,
   author = {{Sana}, H. and {de Mink}, S.~E. and {de Koter}, A. and {Langer}, N. and 
  {Evans}, C.~J. and {Gieles}, M. and {Gosset}, E. and {Izzard}, R.~G. and 
  {Le Bouquin}, J.-B. and {Schneider}, F.~R.~N.},
    title = "{Binary Interaction Dominates the Evolution of Massive Stars}",
  journal = {Science},
archivePrefix = "arXiv",
   eprint = {1207.6397},
 primaryClass = "astro-ph.SR",
     year = 2012,
    month = jul,
   volume = 337,
    pages = {444},
      doi = {10.1126/science.1223344},
   adsurl = {http://adsabs.harvard.edu/abs/2012Sci...337..444S},
  adsnote = {Provided by the SAO/NASA Astrophysics Data System}
}

%---------------------------------------------------------------------------------------------------

@ARTICLE{demink2014,
   author = {{de Mink}, S.~E. and {Sana}, H. and {Langer}, N. and {Izzard}, R.~G. and 
  {Schneider}, F.~R.~N.},
    title = "{The Incidence of Stellar Mergers and Mass Gainers among Massive Stars}",
  journal = {\apj},
archivePrefix = "arXiv",
   eprint = {1312.3650},
 primaryClass = "astro-ph.SR",
 keywords = {binaries: close, Galaxy: stellar content, stars: early-type, stars: massive},
     year = 2014,
    month = feb,
   volume = 782,
      eid = {7},
    pages = {7},
      doi = {10.1088/0004-637X/782/1/7},
   adsurl = {http://adsabs.harvard.edu/abs/2014ApJ...782....7D},
  adsnote = {Provided by the SAO/NASA Astrophysics Data System}
}

%---------------------------------------------------------------------------------------
@ARTICLE{mennickent2003,
   author = {{Mennickent}, R.~E. and {Pietrzy{\'n}ski}, G. and {Diaz}, M. and 
  {Gieren}, W.},
    title = "{Double-periodic blue variables in the Magellanic Clouds}",
  journal = {\aap},
   eprint = {astro-ph/0212212},
 keywords = {stars: binaries: eclipsing, stars: binaries: close, stars: variable: general, stars: early-type},
     year = 2003,
    month = mar,
   volume = 399,
    pages = {L47-L50},
      doi = {10.1051/0004-6361:20030106},
   adsurl = {http://adsabs.harvard.edu/abs/2003A%26A...399L..47M},
  adsnote = {Provided by the SAO/NASA Astrophysics Data System}
}

%----------------------------------------------------------------------------------------

@ARTICLE{mennick2016a,
   author = {{Mennickent}, R.~E. and {Otero}, S. and {Ko{\l}aczkowski}, Z.
  },
    title = "{Interacting binaries W Serpentids and double periodic variables}",
  journal = {\mnras},
archivePrefix = "arXiv",
   eprint = {1510.05628},
 primaryClass = "astro-ph.SR",
 keywords = {binaries: close, stars: early-type, stars: evolution, stars: mass-loss},
     year = 2016,
    month = jan,
   volume = 455,
    pages = {1728-1745},
      doi = {10.1093/mnras/stv2433},
   adsurl = {http://adsabs.harvard.edu/abs/2016MNRAS.455.1728M},
  adsnote = {Provided by the SAO/NASA Astrophysics Data System}
}
%----------------------------------------------------------------------------------------

@ARTICLE{mennick2017,
   author = {{Mennickent}, R.~E.},
    title = "{Long Photometric Cycles in Hot Algols}",
  journal = {Serbian Astronomical Journal},
 keywords = {binaries: close, stars: evolution, stars: mass-loss},
     year = 2017,
    month = jun,
   volume = 194,
    pages = {1-21},
      doi = {10.2298/SAJ1794001M},
   adsurl = {http://adsabs.harvard.edu/abs/2017SerAJ.194....1M},
  adsnote = {Provided by the SAO/NASA Astrophysics Data System}
}

%----------------------------------------------------------------------------------------

@ARTICLE{petrie1960,
   author = {{Petrie}, R.~M.},
    title = "{Probable errors of stellar radial velocities and the frequency of variable velocities}",
  journal = {Annales d'Astrophysique},
     year = 1960,
    month = feb,
   volume = 23,
    pages = {744},
   adsurl = {http://adsabs.harvard.edu/abs/1960AnAp...23..744P},
  adsnote = {Provided by the SAO/NASA Astrophysics Data System}
}

%--------------------------------------------------------------------------------------------

@BOOK{eggleton2011,
   author = {{Eggleton}, P.},
    title = "{Evolutionary Processes in Binary and Multiple Stars}",
booktitle = {Evolutionary Processes in Binary and Multiple Stars, by Peter Eggleton, Cambridge, UK: Cambridge University Press, 2011},
     year = 2011,
    month = sep,
   adsurl = {http://adsabs.harvard.edu/abs/2011epbm.book.....E},
  adsnote = {Provided by the SAO/NASA Astrophysics Data System}
}


%-----------------------------------------------------------------------------------------------------

@ARTICLE{roche,
  author = {{Roche}, M.},
  journal = {Mem. Acad. Sci. Montpellier},
  year = 1873,
  volume = 8,
  pages = {235}
  }

%------------------------------------------------------------------------------
@BOOK{pettini,
author={{Petinni}, M.},
title={Lectures on Structure and Evolution of stars},
adsurl={https://www.ast.cam.ac.uk/~pettini/STARS/}
}

%---------------------------------------------------------------------------
@ARTICLE{eggleton1983,
   author = {{Eggleton}, P.~P.},
    title = "{Approximations to the radii of Roche lobes}",
  journal = {\apj},
 keywords = {Binary Stars, Celestial Mechanics, Orbital Elements, Roche Limit, Mass Ratios, Radii},
     year = 1983,
    month = may,
   volume = 268,
    pages = {368},
      doi = {10.1086/160960},
   adsurl = {http://adsabs.harvard.edu/abs/1983ApJ...268..368E},
  adsnote = {Provided by the SAO/NASA Astrophysics Data System}
}
%---------------------------------------------------------------------------
@ARTICLE{kippenhahn,
   author = {{Kippenhahn}, R. and {Weigert}, A.},
    title = "{Entwicklung in engen Doppelsternsystemen I. Massenaustausch vor und nach Beendigung des zentralen Wasserstoff-Brennens}",
  journal = {\zap},
     year = 1967,
   volume = 65,
    pages = {251},
   adsurl = {http://adsabs.harvard.edu/abs/1967ZA.....65..251K},
  adsnote = {Provided by the SAO/NASA Astrophysics Data System}
}
%---------------------------------------------------------------------------
@ARTICLE{poleski2010,
   author = {{Poleski}, R. and {Soszy{\'n}ski}, I. and {Udalski}, A. and 
  {Szyma{\'n}ski}, M.~K. and {Kubiak}, M. and {Pietrzy{\'n}ski}, G. and 
  {Wyrzykowski}, {\L}. and {Ulaczyk}, K.},
    title = "{The Optical Gravitational Lensing Experiment. The OGLE-III Catalog of Variable Stars. X. Enigmatic Class of Double Periodic Variables in the Large Magellanic Cloud}",
  journal = {\actaa},
archivePrefix = "arXiv",
   eprint = {1009.5376},
 primaryClass = "astro-ph.SR",
 keywords = {Catalogs, binaries: close, Magellanic Clouds},
     year = 2010,
    month = sep,
   volume = 60,
    pages = {179-196},
   adsurl = {http://adsabs.harvard.edu/abs/2010AcA....60..179P},
  adsnote = {Provided by the SAO/NASA Astrophysics Data System}
}

%---------------------------------------------------------------------
@ARTICLE{mennickent2012,
   author = {{Mennickent}, R.~E. and {Djura{\v s}evi{\'c}}, G. and {Ko{\l}aczkowski}, Z. and 
  {Michalska}, G.},
    title = "{The evolution stage and massive disc of the interacting binary V 393 Scorpii}",
  journal = {\mnras},
archivePrefix = "arXiv",
   eprint = {1112.2668},
 primaryClass = "astro-ph.SR",
 keywords = {stars: early-type, stars: emission-line, Be, stars: evolution, stars: mass-loss, stars: variables: general},
     year = 2012,
    month = mar,
   volume = 421,
    pages = {862-871},
      doi = {10.1111/j.1365-2966.2011.20363.x},
   adsurl = {http://adsabs.harvard.edu/abs/2012MNRAS.421..862M},
  adsnote = {Provided by the SAO/NASA Astrophysics Data System}
}
%------------------------------------------------------------------

@ARTICLE{mennickent2005,
   author = {{Mennickent}, R.~E. and {Cidale}, L. and {D{\'{\i}}az}, M. and 
  {Pietrzy{\'n}ski}, G. and {Gieren}, W. and {Sabogal}, B.},
    title = "{Revealing the nature of double-periodic blue variables in the Magellanic Clouds}",
  journal = {\mnras},
 keywords = {binaries: general, stars: early-type, stars: evolution, stars: mass-loss},
     year = 2005,
    month = mar,
   volume = 357,
    pages = {1219-1230},
      doi = {10.1111/j.1365-2966.2005.08718.x},
   adsurl = {http://adsabs.harvard.edu/abs/2005MNRAS.357.1219M},
  adsnote = {Provided by the SAO/NASA Astrophysics Data System}
}
%------------------------------------------------------------------
@BOOK{eclipsingbinarystars,
author={{Kallrath}, M. and {Milone}, Eugene F.},
title="{Eclipsing Binary Stars: Modeling and Analysis}"
}
%-----------------------------------------------------------------
@BOOK{statistics,
author={{Hughes}, Ifan G. and {Hase}, Thomas P. A.},
title="{Measurements and their Uncertainties}",
booktitle = {Measurements and their Uncertainties: A Practical Guide to Modern Error Analysis, by Ifan G. Hughens and Thomas P. A. Hase, Oxford, UK: Oxford  University Press, 2010},
year=2010,
}

%-------------------------------------------------------------------------------------
@ARTICLE{soon1993,
   author = {{Soon}, W.~H. and {Baliunas}, S.~L. and {Zhang}, Q.},
    title = "{An interpretation of cycle periods of stellar chromospheric activity}",
  journal = {\apjl},
 keywords = {Chromosphere, Periodic Variations, Stellar Activity, Stellar Evolution, Dynamo Theory, Stellar Magnetic Fields, Stellar Rotation},
     year = 1993,
    month = sep,
   volume = 414,
    pages = {L33-L36},
      doi = {10.1086/186989},
   adsurl = {http://adsabs.harvard.edu/abs/1993ApJ...414L..33S},
  adsnote = {Provided by the SAO/NASA Astrophysics Data System}
}
%-------------------------------------------------------------------------------------
@ARTICLE{baliunas1996,
   author = {{Baliunas}, S.~L. and {Nesme-Ribes}, E. and {Sokoloff}, D. and 
  {Soon}, W.~H.},
    title = "{A Dynamo Interpretation of Stellar Activity Cycles}",
  journal = {\apj},
 keywords = {MAGNETOHYDRODYNAMICS: MHD, STARS: ACTIVITY, STARS: MAGNETIC FIELDS, STARS: ROTATION},
     year = 1996,
    month = apr,
   volume = 460,
    pages = {848},
      doi = {10.1086/177014},
   adsurl = {http://adsabs.harvard.edu/abs/1996ApJ...460..848B},
  adsnote = {Provided by the SAO/NASA Astrophysics Data System}
}
%-------------------------------------------------------------------------------------
@ARTICLE{zahn1989,
   author = {{Zahn}, J.-P.},
    title = "{Tidal evolution of close binary stars. I - Revisiting the theory of the equilibrium tide}",
  journal = {\aap},
 keywords = {Binary Stars, Stellar Evolution, Tides, Turbulence Effects, Mixing Length Flow Theory, Stellar Envelopes, Viscosity},
     year = 1989,
    month = aug,
   volume = 220,
    pages = {112-116},
   adsurl = {http://adsabs.harvard.edu/abs/1989A%26A...220..112Z},
  adsnote = {Provided by the SAO/NASA Astrophysics Data System}
}
%-------------------------------------------------------------------------------------
@ARTICLE{zahnbouchet1989,
   author = {{Zahn}, J.-P. and {Bouchet}, L.},
    title = "{Tidal evolution of close binary stars. II - Orbital circularization of late-type binaries}",
  journal = {\aap},
 keywords = {Binary Stars, Late Stars, Pre-Main Sequence Stars, Stellar Evolution, Eccentricity, Mass Transfer, Stellar Rotation},
     year = 1989,
    month = oct,
   volume = 223,
    pages = {112-118},
   adsurl = {http://adsabs.harvard.edu/abs/1989A%26A...223..112Z},
  adsnote = {Provided by the SAO/NASA Astrophysics Data System}
}
%--------------------------------------------------------------------------------
@ARTICLE{dube2013,
   author = {{Dub{\'e}}, C. and {Charbonneau}, P.},
    title = "{Stellar Dynamos and Cycles from Numerical Simulations of Convection}",
  journal = {\apj},
 keywords = {convection, dynamo, magnetohydrodynamics: MHD, stars: activity, stars: magnetic field },
     year = 2013,
    month = sep,
   volume = 775,
      eid = {69},
    pages = {69},
      doi = {10.1088/0004-637X/775/1/69},
   adsurl = {http://adsabs.harvard.edu/abs/2013ApJ...775...69D},
  adsnote = {Provided by the SAO/NASA Astrophysics Data System}
}

%-------------------------------------------------------------------------
@ARTICLE{crawford1955,
   author = {{Crawford}, J.~A.},
    title = "{On the Subgiant Components of Eclipsing Binary Systems.}",
  journal = {\apj},
     year = 1955,
    month = jan,
   volume = 121,
    pages = {71},
      doi = {10.1086/145965},
   adsurl = {http://adsabs.harvard.edu/abs/1955ApJ...121...71C},
  adsnote = {Provided by the SAO/NASA Astrophysics Data System}
}
%-----------------------------------------------------------------------
@ARTICLE{eggleton2006,
   author = {{Eggleton}, P.~P. and {Kisseleva-Eggleton}, L.},
    title = "{A Mechanism for Producing Short-Period Binaries}",
  journal = {\apss},
 keywords = {Binary stars, Triple stars},
     year = 2006,
    month = aug,
   volume = 304,
    pages = {75-79},
      doi = {10.1007/s10509-006-9078-z},
   adsurl = {http://adsabs.harvard.edu/abs/2006Ap%26SS.304...75E},
  adsnote = {Provided by the SAO/NASA Astrophysics Data System}
}
%-----------------------------------------------------------
@ARTICLE{saar1999,
   author = {{Saar}, S.~H. and {Brandenburg}, A.},
    title = "{Time Evolution of the Magnetic Activity Cycle Period. II. Results for an Expanded Stellar Sample}",
  journal = {\apj},
 keywords = {STARS: NOVAE, CATACLYSMIC VARIABLES, STARS: ACTIVITY, STARS: LATE-TYPE, STARS: MAGNETIC FIELDS, STARS: ROTATION, Stars: Novae, Cataclysmic Variables, Stars: Activity, Stars: Late-Type, Stars: Magnetic Fields, Stars: Rotation},
     year = 1999,
    month = oct,
   volume = 524,
    pages = {295-310},
      doi = {10.1086/307794},
   adsurl = {http://adsabs.harvard.edu/abs/1999ApJ...524..295S},
  adsnote = {Provided by the SAO/NASA Astrophysics Data System}
}
%----------------------------------------
@ARTICLE{bohm2007,
   author = {{B{\"o}hm-Vitense}, E.},
    title = "{Chromospheric Activity in G and K Main-Sequence Stars, and What It Tells Us about Stellar Dynamos}",
  journal = {\apj},
 keywords = {Stars: Activity, Stars: Chromospheres, Stars: Late-Type, Stars: Rotation},
     year = 2007,
    month = mar,
   volume = 657,
    pages = {486-493},
      doi = {10.1086/510482},
   adsurl = {http://adsabs.harvard.edu/abs/2007ApJ...657..486B},
  adsnote = {Provided by the SAO/NASA Astrophysics Data System}
}

%---------------------------------------------------------------
@ARTICLE{navarrete20018,
   author = {{Navarrete}, F.~H. and {Schleicher}, D.~R.~G. and {Fuentealba}, J.~Z. and 
	{V{\"o}lschow}, M.},
    title = "{Applegate mechanism in post-common-envelope binaries: Investigating the role of rotation}",
  journal = {\aap},
archivePrefix = "arXiv",
   eprint = {1803.07637},
 primaryClass = "astro-ph.SR",
 keywords = {dynamo, stars: activity, binaries: close, stars: low-mass, stars: rotation},
     year = 2018,
    month = jul,
   volume = 615,
      eid = {A81},
    pages = {A81},
      doi = {10.1051/0004-6361/201732425},
   adsurl = {http://adsabs.harvard.edu/abs/2018A%26A...615A..81N},
  adsnote = {Provided by the SAO/NASA Astrophysics Data System}
}
